% This file was created with JabRef 2.7.2.
% Encoding: MacRoman

@ARTICLE{SchwilleHaustein2009,
  author = {Petra Schwille and Elke Haustein},
  title = {Fluorescence Correlation Spectroscopy
	
	An Introduction to its Concepts and Applications},
  journal = {Spectroscopy},
  year = {2009},
  volume = {94 (3)},
  pages = {1-33},
  file = {:/Users/qile/research/Goldsmith/FCS_project_LJJ/papers/schwille.pdf:PDF},
  institution = {Experimental Biophysics Group Max-Planck-Institute for Biophysical
	Chemistry
	
	Am Fassberg 11 D-37077 Gšttingen Germany},
  owner = {qile},
  timestamp = {2013.06.28}
}

@ARTICLE{WahlGregorPattingEnderlein2003,
  author = {Michael Wahl and Ingo Gregor and Matthias Patting and J\"org Enderlein},
  title = {Fast calculation of fluorescence correlation data with asynchronous
	time-correlated single-photon counting},
  journal = {Optics Express},
  year = {2003},
  volume = {11 (26)},
  pages = {3583-3591},
  file = {:/Users/qile/research/Goldsmith/FCS_project_LJJ/papers/Wahl_Enderlein_OpticsExpress_2003_Autocorrelation_used_in_Symphotime.pdf:PDF},
  owner = {qile},
  timestamp = {2013.06.28}
}

@comment{jabref-meta: selector_review:}

@comment{jabref-meta: selector_publisher:}

@comment{jabref-meta: selector_author:}

@comment{jabref-meta: selector_journal:}

@comment{jabref-meta: selector_keywords:}

